<record><leader>00000cas a2200000 a 4500</leader><controlfield tag="001">11718624</controlfield><controlfield tag="008">850221d18881889ksuwr ne      0   a0eng d</controlfield><datafield ind1=" " ind2=" " tag="010"><subfield code="a">sn 85030954 </subfield></datafield><datafield ind1=" " ind2=" " tag="040"><subfield code="a">KSH</subfield><subfield code="b">eng</subfield><subfield code="c">KSH</subfield><subfield code="d">NPT</subfield><subfield code="d">OCL</subfield><subfield code="d">OCLCQ</subfield></datafield><datafield ind1=" " ind2=" " tag="042"><subfield code="a">msc</subfield></datafield><datafield ind1="0" ind2="0" tag="245"><subfield code="a">Oakley news letter.</subfield></datafield><datafield ind1="3" ind2="0" tag="246"><subfield code="a">Oakley newsletter</subfield></datafield><datafield ind1=" " ind2=" " tag="260"><subfield code="a">Oakley, Kan. :</subfield><subfield code="b">John A. Goodier,</subfield><subfield code="c">1888-</subfield></datafield><datafield ind1=" " ind2=" " tag="300"><subfield code="a">v. :</subfield><subfield code="b">ill. (chiefly advertisements) ;</subfield><subfield code="c">60 cm.</subfield></datafield><datafield ind1=" " ind2=" " tag="310"><subfield code="a">Weekly</subfield></datafield><datafield ind1="0" ind2=" " tag="362"><subfield code="a">Vol. 1, no. 35 (Nov. 24, 1888)-</subfield></datafield><datafield ind1="1" ind2=" " tag="362"><subfield code="a">Ceased in Nov. 1889.</subfield></datafield><datafield ind1=" " ind2=" " tag="752"><subfield code="a">United States</subfield><subfield code="b">Kansas</subfield><subfield code="c">Logan</subfield><subfield code="d">Oakley.</subfield></datafield><datafield ind1="0" ind2="0" tag="780"><subfield code="t">Oakley Saturday press</subfield><subfield code="w">(DLC)sn 85030953</subfield></datafield></record>